<?xml version="1.0" encoding="UTF-8"?><record xmlns="http://www.loc.gov/MARC21/slim" xmlns:cinclude="http://apache.org/cocoon/include/1.0" xmlns:zs="http://www.loc.gov/zing/srw/">
  <leader>02167cz  a2200217n  4500</leader>
  <controlfield tag="001">n  93043272 </controlfield>
  <controlfield tag="003">DLC</controlfield>
  <controlfield tag="005">20150418073843.0</controlfield>
  <controlfield tag="008">930510n| azannaabn          |n aaa      </controlfield>
  <datafield tag="010" ind1=" " ind2=" ">
    <subfield code="a">n  93043272 </subfield>
  </datafield>
  <datafield tag="035" ind1=" " ind2=" ">
    <subfield code="a">(OCoLC)oca03369174</subfield>
  </datafield>
  <datafield tag="040" ind1=" " ind2=" ">
    <subfield code="a">DLC</subfield>
    <subfield code="b">eng</subfield>
    <subfield code="e">rda</subfield>
    <subfield code="c">DLC</subfield>
    <subfield code="d">DLC</subfield>
    <subfield code="d">DHU-MS</subfield>
    <subfield code="d">IEN</subfield>
  </datafield>
  <datafield tag="046" ind1=" " ind2=" ">
    <subfield code="f">1922</subfield>
    <subfield code="g">19980416</subfield>
  </datafield>
  <datafield tag="100" ind1="1" ind2=" ">
    <subfield code="a">Bakary, Djibo</subfield>
  </datafield>
  <datafield tag="370" ind1=" " ind2=" ">
    <subfield code="a">Soudouré (Niger)</subfield>
  </datafield>
  <datafield tag="370" ind1=" " ind2=" ">
    <subfield code="b">Niamey (Niger)</subfield>
    <subfield code="c">Niger</subfield>
    <subfield code="2">naf</subfield>
  </datafield>
  <datafield tag="373" ind1=" " ind2=" ">
    <subfield code="a">Parti progressiste nigérien</subfield>
    <subfield code="a">Rassemblement démocratique africain</subfield>
    <subfield code="a">World Federation of Trade Unions</subfield>
    <subfield code="2">naf</subfield>
  </datafield>
  <datafield tag="374" ind1=" " ind2=" ">
    <subfield code="a">Politicians</subfield>
    <subfield code="a">Prime ministers</subfield>
    <subfield code="a">Mayors</subfield>
    <subfield code="2">lcsh</subfield>
  </datafield>
  <datafield tag="375" ind1=" " ind2=" ">
    <subfield code="a">male</subfield>
  </datafield>
  <datafield tag="670" ind1=" " ind2=" ">
    <subfield code="a">His Silence! On décolonise-- 1992:</subfield>
    <subfield code="b">t.p. (Djibo Bakary) p. 4 of cover (b. Niger; political activist)</subfield>
  </datafield>
  <datafield tag="670" ind1=" " ind2=" ">
    <subfield code="a">Dictionary of African Biography, accessed December 9, 2014, via Oxford African American Studies Center database:</subfield>
    <subfield code="b">(Bakary, Djibo; prime minister, political figure; born 1922 in Soudouré, Niger; graduated as a teacher from colonial William Ponty school in Senegal (1941); worked as a teacher in Niamey and the city of Agadez (1945); established a local section of the Parti Progressiste Nigérien in Zinder (1946); supported the PPN's affiliation to the Rassemblement Démocratique Africain; assumed the position of PPN secretary general (1947); left the PPN-RDA and engaged in union work (1951); gained position in World Federation of Trade Unions; initiated Niger's first mass strike action (1953); reentered the political scene with the Union Démocratique Nigérienne (UDN) (1954); became Niamey's first mayor (1956); won the first general elections under universal suffrage (1957); was appointed prime minister, forming Niger's first autonomous government under the supervision of the colonial governor; forced to step down (1958); forced into exile (1959); threatened with assassination in Bamako, moved to Ghana (1962); when Kwame Nkrumah was toppled in Ghana, he fled to the Bulgarian legation in Accra, from where he made his escape abroad; returned from exile to Niger (1974); was under house arrest (1975-1984); attempted a comeback, but failed in the elections (1993); died 16 April 1998 in Niamey, Niger)</subfield>
  </datafield>
</record>